@BOOK{parallel,
	AUTHOR="Ian Foster",
	TITLE="Designing and Building Parallel Programs",
	PUBLISHER="Addison-Wesley",
	YEAR=1995,
	ISBN="0-201-57594-9"
}

@BOOK{svn,
	AUTHOR="Ben Collins Sussman and Brian W. Fitzpatrick and C. Michael Pilato",
	TITLE="Version Control with Subversion",
	YEAR=2008,
	PUBLISHER="O'Reilly"
}

@BOOK{tnssitl,
	AUTHOR="Tobias Oetiker and Hubert Partl and Irene Hyna and Elisabeth Schlegl",
	TITLE="The Not So Short Introduction to \LaTeXe",
	YEAR=2008
}

@BOOK{texknuth,
	AUTHOR="Donald E. Knuth",
	TITLE="The \TeX book, Volume A of Computers and Type-setting",
	PUBLISHER="Addison-Wesley",
	ADDRESS="Reading, Massachusetts",
	YEAR=1984,
	ISBN="0-201-13448-9"
}


@BOOK{latex,
	AUTHOR="Leslie Lamport",
	TITLE="\LaTeX: A Document Preparation System",
	PUBLISHER="Addison-Wesley",
	ADDRESS="Reading, Massachusetts",
	YEAR=1994,
	ISBN="0-201-52983-1"
}

@BOOK{oosc,
	AUTHOR="B. Meyer",
	YEAR="1997",
	TITLE="{Object-Oriented Software Construction, Second Edition}",
	ADDRESS="Santa Barbara",
	PUBLISHER="Prentice Hall Professional Technical Reference",
	rec={na} }

@ARTICLE{design,
	AUTHOR="W. Stevens and G. Myers and L. Constantine",
	TITLE="Structured Design",
    JOURNAL="IBM Systems Journal",
    YEAR=1974,
    VOLUME=13,
    PAGES={115--139}
}
    
@BOOK{pressman,
	AUTHOR="Roger S. Pressman",
	TITLE="Software Engineering - A Practitioner's Approach - Fourth Edition",
	YEAR=1982,
	ISBN="0-07-052182-4"
}

@ARTICLE{faulttolerance,
	AUTHOR="Edsger W. Dijkstra",
	TITLE="Self-stabilizing systems in spite of distributed control",
	JOURNAL="Communications of the ACM",
	VOLUME=17,
	PAGES={643--644},
	YEAR=1974
}
@ARTICLE{kmeans2,
	AUTHOR="Zhexue Huang",
	TITLE="K-means-type Algorithms on Distributed Memory Computer",
	JOURNAL="International Journal of High Speed Computing",
	VOLUME=11,
	YEAR=2000,
	PAGES={75--91}
}

@ARTICLE{rmsd,
	AUTHOR="E. A. Coutsias and C. Seok and K. A. Dill",
	TITLE="Using quaternions to calculate RMSD",
	JOURNAL="Comput. Chem.",
	ISSUE=25,
	PAGES={1849--1857}
}

@ARTICLE{flynn,
	AUTHOR="Michael J. Flynn",
	TITLE="Some Computer Organizations and Their Effectiveness",
	JOURNAL="IEEE Trans. Comput.",
	VOLUME=C21,
	PAGES={948--960},
	YEAR=1972
}

@BOOK{cplusplus,
	AUTHOR="Bjarne Stroustrup",
	TITLE="The C++ Programming Language, Third Edition.",
	PUBLISHER="Addison-Wesley",
	ADDRESS="Murray Hill, New Jersey",
	YEAR=1997
}

@ARTICLE{boinc1,
	AUTHOR="David P. Anderson",
	TITLE="BOINC: A System for Public-Resource Computing and Storage",
	JOURNAL="5th IEEE/ACM International Workshop on Grid Computing",
	YEAR=2004
}

@ARTICLE{boinc2,
	AUTHOR="David P. Anderson and Gilles Fedak",
	TITLE="The Computational and Storage Potential of Volunteer Computing",
	YEAR=2009
}

@BOOK{tanenbaum1,
	AUTHOR="Andrew S. Woodhull and Andrew S. Tanenbaum",
	TITLE="Operating Systems Design and Implementation",
	EDITION="Second",
	PUBLISHER="Prentice-Hall",
	YEAR=1997
}

@BOOK{tanenbaum2,
	AUTHOR="Andrew S. Tanenbaum",
	TITLE="Modern Operating Systems",
	EDITION="Second",
	PUBLISHER="Prentice-Hall",
	YEAR=2001
}

@BOOK{loadbal,
	TITLE="Server Load Balancing",
	AUTHOR="Tony Bourke",
	Publisher="O'Reilly Media",
	YEAR=2001
}

@BOOK{uml,
	TITLE="Unified Modeling Language User Guide",
	EDITION="Second",
	AUTHOR="Grady Booch and James Rumbaugh and Ivar Jacobson",
	YEAR=2005
}

@ARTICLE{softwarepractices,
	TITLE="Best practices for software development projects",
	AUTHOR="Mike Perks",
	YEAR=2003
}

@ARTICLE{ewd1036,
	TITLE="On the cruelty of really teaching computing science",
	AUTHOR="Edsger Wybe Dijkstra",
	YEAR=1988,
	ADDRESS="The University of Texas at Austin, Austin, TX"
}

@BOOK{responsibility,
	TITLE="Object Design: Roles, Responsibilities, and Collaborations",
	AUTHOR="Rebecca Wirfs-Brock and Alan McKean",
	PUBLISHER="Addison-Wesley",
	YEAR=2003,
	ISBN="0201379430"
}

@String{BK = {Bj\"orn Karlsson}}
@BOOK{boost,
	TITLE="Beyond the C++ Standard Library: An Introduction to Boost",
	AUTHOR=BK,
	PUBLISHER="Addison-Wesley Professional",
	YEAR=2005
}

@Book{VanRoyHaridi,
	TITLE="Concepts, Techniques, and Models of Computer Programming",
	ISBN="0-262-22069-5",
	AUTHOR="Peter Van Roy and Seif Haridi",
	PUBLISHER="The MIT Press Cambridge, Massachusetts London, England",
	YEAR=2004
}

@Book{gramagrubta,
	TITLE="An introduction to parallel computing",
	AUTHOR="Ananth Grama; Anshul Gupta; George Karypis; Vipin Kumar",
	PUBLISHER="Addison-Wesley",
	EDITION="Second",
	YEAR=2003
}

@MANUAL{boincWiki,
	TITLE="Wiki oficial de Berkeley Open Infrastructure for Network Computing (BOINC)",
	ADDRESS="http://boinc.berkeley.edu/trac/wiki/",
	AUTHOR="David P. Anderson"
}
